% Sample BibTeX file (references.bib)
% Save this file as UTF-8 encoding!

@article{numpy_harris2020,
  author  = {Harris, Charles R. and Millman, K. Jarrod and van der Walt, Stéfan J. and Gommers, Ralf and Virtanen, Pauli and Cournapeau, David and Wieser, Eric and Taylor, Julian and Berg, Sebastian and Smith, Nathaniel J. and Kern, Robert and Picus, Matti and Hoyer, Stephan and van Kerkwijk, Marten H. and Brett, Matthew and Haldane, Allan and del Río, Jaime Fernández and Wiebe, Mark and Peterson, Pearu and Gérard-Marchant, Pierre and Sheppard, Kevin and Reddy, Tiziano and Weckesser, Warren and Abbasi, Hameer and Gohlke, Christoph and Oliphant, Travis E.},
  title   = {Array programming with {NumPy}},
  journal = {Nature},
  year    = {2020},
  volume  = {585},
  number  = {7825},
  pages   = {357--362},
  doi     = {10.1038/s41586-020-2649-2},
  url     = {https://doi.org/10.1038/s41586-020-2649-2}
}

@misc{tensorflow2015-whitepaper,
  title={ {TensorFlow}: Large-Scale Machine Learning on Heterogeneous Systems},
  author={Mart\'{i}n~Abadi and Ashish~Agarwal and Paul~Barham and Eugene~Brevdo and Zhifeng~Chen and Craig~Citro and Greg~S.~Corrado and Andy~Davis and Jeffrey~Dean and Matthieu~Devin and Sanjay~Ghemawat and Ian~Goodfellow and Andrew~Harp and Geoffrey~Irving and Michael~Isard and Yangqing Jia and Rafal~Jozefowicz and Lukasz~Kaiser and Manjunath~Kudlur and Josh~Levenberg and Dandelion~Man\'{e} and Rajat~Monga and Sherry~Moore and Derek~Murray and Chris~Olah and Mike~Schuster and Jonathon~Shlens and Benoit~Steiner and Ilya~Sutskever and Kunal~Talwar and Paul~Tucker and Vincent~Vanhoucke and Vijay~Vasudevan and Fern\'{a}ndo~Vi\'{e}gas and Oriol~Vinyals and Pete~Warden and Martin~Wattenberg and Martin~Wicke and Yuan~Yu and Xiaoqiang~Zheng},
  url={http://tensorflow.org/},
  year={2015},
  note = {Software available from tensorflow.org}
}

@book{goodfellow2016deep,
  title={Deep Learning},
  author={Goodfellow, Ian and Bengio, Yoshua and Courville, Aaron},
  publisher={MIT Press},
  year={2016},
  url={http://www.deeplearningbook.org}
}

@article{turing1950computing,
  author = {Turing, A. M.},
  title = {Computing Machinery and Intelligence},
  journal = {Mind},
  volume = {LIX},
  number = {236},
  pages = {433--460},
  year = {1950},
  doi = {10.1093/mind/LIX.236.433}
}

% Example with Arabic characters (ensure UTF-8)
@book{arabic_example_book,
    author    = {اسم المؤلف العربي},
    title     = {عنوان كتاب باللغة العربية},
    publisher = {دار النشر},
    year      = {2024},
    address   = {مدينة النشر}
}
